@InCollection{haber:16,
  author = {Itamar Haber},
  title = {15 Reasons to use Redis as an Application Cache},
  publisher = {Redis Labs},
  year = 	 {2016},
}

@misc{aws2020,
    author = {AWS},
    title = {Redis},
    year = {2020},
    url = {https://aws.amazon.com/redis/},
    urlaccessdate={20 set. 2020}
}

@misc{faria2019,
    author = {Farias, L. C.},
    title = {Redis},
    year = {2020},
    url = {https://aws.amazon.com/redis/},
    urlaccessdate={20 set. 2020}
}

@misc{redis2020,
    author = {Redis},
    title = {Introduction to Redis},
    year = {2020},
    url = {https://redis.io/topics/introduction},
    urlaccessdate={18 set. 2020}
}

@InCollection{li:17,
  author = 	 {Li ,S., et al.},
  title = 	 {Redis-based web server cluster session maintaining technology},
  publisher =    {IEEE},
  year = 	 {2017},
}

@InCollection{branagan:17,
  author = 	 {Branagan, C. and Crosby, P.},
  title = 	 {Understanding the Top 5 Redis Performance Metrics},
  publisher =    {Datadog},
  year = 	 {2013},
}

@InCollection{paksula:10,
  author = 	 {Paksula M.},
  title = 	 {Persisting Objects in Redis Key-Value Database},
  publisher =    {University of Helsinki},
  year = 	 {2010},
}

@InCollection{chen:16,
  author = 	 {Chen, S., et al.},
  title = 	 {Towards Scalable and Reliable In-Memory Storage System: A Case Study with Redis},
  publisher =    {IEEE},
  year = 	 {2016}
}

@InCollection{macedo:14,
    author = {Macedo, T. and Oliveira, F.},
    title = {Redis Cookbook},
    booktitle = {Redis Cookbook},
    publisher =    {O'Reilly},
    year = 	 {2014},
}

@misc{redhat2020,
    author = {Red Hat},
    title = {O que Ã© middleware e para que ele serve?},
    year = {2020},
    url = {https://www.redhat.com/pt-br/topics/middleware/what-is-middleware},
    urlaccessdate={18 set. 2020}
}

@misc{vicente2020,
    author = {Vicente, C.},
    title = {REDIS VS MEMCACHED: WHICH ONE TO CHOOSE},
    year = {2020},
    url = {https://www.imaginarycloud.com/blog/redis-vs-memcached/},
    urlaccessdate={20 set. 2020}
}

@misc{bernardi2011,
    author = {Bernardi, S.},
    title = {An interview with Salvatore Sanfilippo, creator of Redis, working out of Sicily},
    year = {2011},
    url = {https://www.eu-startups.com/2011/01/an-interview-with-salvatore-sanfilippo-creator-of-redis-working-out-of-sicily/},
    urlaccessdate={18 set. 2020}
}

@misc{davis2020,
    author = {Davis, K.},
    title = {Goodbye Cache: Redis as a Primary Database},
    year = {2020},
    url = {https://redislabs.com/blog/goodbye-cache-redis-as-a-primary-database/},
    urlaccessdate={20 set. 2020}
}

@misc{redislabs2020,
    author = {Redis Labs},
    title = {Redis Named the Most Loved Database in StackOverflow's Developer Survey},
    year = {2020},
    url = {https://redislabs.com/press/redis-named-loved-database-stack-overflows-developer-survey/},
    urlaccessdate={23 set. 2020}
}